<?xml version="1.0" encoding="UTF-8"?>
<collection xmlns:xsi="http://www.w3.org/2001/XMLSchema-instance" xsi:schemaLocation="http://www.loc.gov/MARC21/slim http://www.loc.gov/standards/marcxml/schema/MARC21slim.xsd" xmlns="http://www.loc.gov/MARC21/slim">
<record>
  <leader>00665cam a22002171a 4500</leader>
  <controlfield tag="001">3239584</controlfield>
  <controlfield tag="003">NNC</controlfield>
  <controlfield tag="005">20130426153706.0</controlfield>
  <controlfield tag="008">940921s1883    tu            000 1 ara d</controlfield>
  <datafield tag="035" ind1=" " ind2=" ">
    <subfield code="a">(OCoLC)ocm31151578</subfield>
  </datafield>
  <datafield tag="035" ind1=" " ind2=" ">
    <subfield code="9">AUL3044CU</subfield>
  </datafield>
  <datafield tag="035" ind1=" " ind2=" ">
    <subfield code="a">(NNC)3239584</subfield>
  </datafield>
  <datafield tag="040" ind1=" " ind2=" ">
    <subfield code="a">CLE</subfield>
    <subfield code="c">CLE</subfield>
    <subfield code="d">ZCU</subfield>
  </datafield>
  <datafield tag="099" ind1=" " ind2=" ">
    <subfield code="a">893.7B86</subfield>
    <subfield code="a">P</subfield>
  </datafield>
  <datafield tag="100" ind1="1" ind2=" ">
    <subfield code="a">Buḥturī, al-Walīd ibn ʻUbayd,</subfield>
    <subfield code="d">approximately 821-897 or 898.</subfield>
  </datafield>
  <datafield tag="240" ind1="1" ind2="0">
    <subfield code="a">Poems</subfield>
  </datafield>
  <datafield tag="245" ind1="1" ind2="3">
    <subfield code="a">al-Juzʾ al-awwal[-al-thānī] min dīwān al-Buḥturī.</subfield>
  </datafield>
  <datafield tag="260" ind1=" " ind2=" ">
    <subfield code="a">Kusṭanṭīnīyah :</subfield>
    <subfield code="b">Maṭbaʻat al-Jawāʾib,</subfield>
    <subfield code="c">1300 [1883]</subfield>
  </datafield>
  <datafield tag="300" ind1=" " ind2=" ">
    <subfield code="a">2 v. in 1 ;</subfield>
    <subfield code="c">24 cm.</subfield>
  </datafield>
  <datafield tag="740" ind1="0" ind2="1">
    <subfield code="a">Dīwān al-Buḥturī.</subfield>
  </datafield>
  <datafield tag="955" ind1=" " ind2=" ">
    <subfield code="b">CU58981578</subfield>
    <subfield code="d">off,glx</subfield>
    <subfield code="e">893.7B86 P</subfield>
  </datafield>
</record>
</collection>